@article{yang1999,
  title={新型低合金高强韧性耐磨钢的研究},
  author={杨瑞林 and 李力军 and 李玉成},
  journal={钢铁},
  volume={34},
  number={7},
  pages={41--45},
  year={1999}
}